@article{elsken2018neural,
  title={Neural architecture search: A survey},
  author={Elsken, Thomas and Metzen, Jan Hendrik and Hutter, Frank},
  journal={arXiv preprint arXiv:1808.05377},
  year={2018}
}

@inproceedings{domhan2015speeding,
  title={Speeding up automatic hyperparameter optimization of deep neural networks by extrapolation of learning curves},
  author={Domhan, Tobias and Springenberg, Jost Tobias and Hutter, Frank},
  booktitle={Twenty-Fourth International Joint Conference on Artificial Intelligence},
  year={2015}
}

@inproceedings{liu2018progressive,
  title={Progressive neural architecture search},
  author={Liu, Chenxi and Zoph, Barret and Neumann, Maxim and Shlens, Jonathon and Hua, Wei and Li, Li-Jia and Fei-Fei, Li and Yuille, Alan and Huang, Jonathan and Murphy, Kevin},
  booktitle={Proceedings of the European Conference on Computer Vision (ECCV)},
  pages={19--34},
  year={2018}
}